@misc{wiki-geo-wealth,
  title = {{Geography and Wealth}},
  howpublished = "\url{http://en.wikipedia.org/wiki/Geography_and_wealth/}",
  year = {2014}
}

@misc{wiki-north-lat,
  title = {{List of countries by northernmost point}},
  howpublished = "\url{http://en.wikipedia.org/wiki/List_of_countries_by_northernmost_point}",
  year = {2014}
}

@misc{wiki-south-lat,
  title = {{List of countries by southernmost latitude}},
  howpublished = "\url{http://en.wikipedia.org/wiki/List_of_countries_by_southernmost_point}",
  year = {2014}
}

@misc{wiki-gdp,
  title = {{List of countries by GDP}},
  howpublished = "\url{http://en.wikipedia.org/wiki/List_of_countries_by_GDP_(PPP)_per_capita}",
  year = {2014}
}
